<?xml version="1.0" encoding="UTF-8"?><record xmlns="http://www.loc.gov/MARC21/slim" xmlns:cinclude="http://apache.org/cocoon/include/1.0" xmlns:zs="http://www.loc.gov/zing/srw/">
  <leader>00415nz  a2200145n  4500</leader>
  <controlfield tag="001">no 97000352 </controlfield>
  <controlfield tag="003">DLC</controlfield>
  <controlfield tag="005">19970104115555.3</controlfield>
  <controlfield tag="008">970103n| acannaab|          |a ana     c</controlfield>
  <datafield tag="010" ind1=" " ind2=" ">
    <subfield code="a">no 97000352 </subfield>
  </datafield>
  <datafield tag="035" ind1=" " ind2=" ">
    <subfield code="a">(OCoLC)oca04238672 </subfield>
  </datafield>
  <datafield tag="040" ind1=" " ind2=" ">
    <subfield code="a">Nv</subfield>
    <subfield code="c">Nv</subfield>
  </datafield>
  <datafield tag="110" ind1="2" ind2="0">
    <subfield code="a">Douglas County School District (Nev.)</subfield>
  </datafield>
  <datafield tag="410" ind1="1" ind2="0">
    <subfield code="a">Douglas County (Nev.).</subfield>
    <subfield code="b">School District</subfield>
  </datafield>
  <datafield tag="670" ind1=" " ind2=" ">
    <subfield code="a">Douglas County School District strategic plan, 1996</subfield>
  </datafield>
</record>